<record><leader>00000cas a22000007a 4500</leader><controlfield tag="001">11202723</controlfield><controlfield tag="008">840927d1874189uiauwr ne      0    0eng d</controlfield><datafield ind1=" " ind2=" " tag="010"><subfield code="a">sn 84038201 </subfield></datafield><datafield ind1=" " ind2=" " tag="040"><subfield code="a">NPX</subfield><subfield code="b">eng</subfield><subfield code="c">NPX</subfield><subfield code="d">INP</subfield><subfield code="d">OCLCQ</subfield></datafield><datafield ind1=" " ind2=" " tag="042"><subfield code="a">msc</subfield></datafield><datafield ind1="0" ind2="0" tag="245"><subfield code="a">Weekly Indianola herald.</subfield></datafield><datafield ind1="3" ind2="0" tag="246"><subfield code="a">Weekly herald</subfield></datafield><datafield ind1="3" ind2="0" tag="246"><subfield code="a">Indianola weekly herald</subfield></datafield><datafield ind1="1" ind2="3" tag="246"><subfield code="a">Indianola herald</subfield></datafield><datafield ind1=" " ind2=" " tag="260"><subfield code="a">Indianola, Iowa :</subfield><subfield code="b">Graham &amp; Knox,</subfield><subfield code="c">1874-</subfield></datafield><datafield ind1=" " ind2=" " tag="300"><subfield code="a">v.</subfield></datafield><datafield ind1=" " ind2=" " tag="310"><subfield code="a">Weekly</subfield></datafield><datafield ind1="0" ind2=" " tag="362"><subfield code="a">Vol. 15, no. 31 (Apr. 2, 1874)-</subfield></datafield><datafield ind1=" " ind2=" " tag="500"><subfield code="a">"Indianola" appears above title ornament, 1874-&lt;June 25, 1896&gt;.</subfield></datafield><datafield ind1=" " ind2=" " tag="500"><subfield code="a">Publisher varies.</subfield></datafield><datafield ind1=" " ind2=" " tag="500"><subfield code="a">"Republican," &lt;1876&gt;.</subfield></datafield><datafield ind1=" " ind2=" " tag="752"><subfield code="a">United States</subfield><subfield code="b">Iowa</subfield><subfield code="c">Warren</subfield><subfield code="d">Indianola.</subfield></datafield><datafield ind1="0" ind2=" " tag="775"><subfield code="t">Morning herald (Indianola, Iowa)</subfield><subfield code="w">(DLC)sn 87057670</subfield><subfield code="g">Aug. 26-&lt;Oct. 14, 1879&gt;</subfield></datafield><datafield ind1="0" ind2=" " tag="775"><subfield code="t">Evening herald (Indianola, Iowa)</subfield><subfield code="w">(DLC)sn 87057584</subfield><subfield code="g">&lt;Sept. 22-Oct. 11, 1879&gt;</subfield></datafield><datafield ind1="0" ind2="0" tag="780"><subfield code="t">Indianola journal</subfield><subfield code="w">(DLC)sn 84027167</subfield></datafield><datafield ind1="0" ind2="5" tag="780"><subfield code="t">Indianola times (Indianola, Iowa)</subfield><subfield code="w">(DLC)sn 87057583</subfield></datafield><datafield ind1="0" ind2="0" tag="785"><subfield code="t">Indianola herald</subfield><subfield code="w">(DLC)sn 87057669</subfield></datafield></record>